<record xmlns="http://www.loc.gov/MARC21/slim" xmlns:xsi="http://www.w3.org/2001/XMLSchema-instance" xsi:schemaLocation="http://www.loc.gov/MARC21/slim http://www.loc.gov/standards/marcxml/schema/MARC21slim.xsd">

  <leader>00425nam a2200121Ia 4500</leader>
  <datafield ind2=" " ind1=" " tag="999">
    <subfield code="c">1440</subfield>
    <subfield code="d">1440</subfield>
  </datafield>
  <controlfield tag="008">171003b2006    f  ||||| |||| 00| u spa d</controlfield>
  <datafield ind2=" " tag="090" ind1=" ">
    <subfield code="a">06.02.01 </subfield>
    <subfield code="b">1424</subfield>
  </datafield>
  <datafield ind2=" " tag="110" ind1="2">
    <subfield code="a">Programa Conjunto de las Naciones Unidas sobre el VIH SIDA</subfield>
    <subfield code="9">2194</subfield>
  </datafield>
  <datafield ind2="3" tag="245" ind1="1">
    <subfield code="a">La educación de calidad, el VIH y el SIDA /</subfield>
    <subfield code="c">Programa Conjunto de las Naciones Unidas sobre el VIH / SIDA</subfield>
  </datafield>
  <datafield ind2=" " tag="260" ind1=" ">
    <subfield code="a">Francia: </subfield>
    <subfield code="b">ONUSIDA, </subfield>
    <subfield code="c">2006</subfield>
  </datafield>
  <datafield ind2=" " ind1=" " tag="300">
    <subfield code="a">42 páginas;</subfield>
    <subfield code="b"> ilustraciones</subfield>
  </datafield>
  <datafield ind2="4" tag="650" ind1="1">
    <subfield code="a">EDUCACIÓN</subfield>
    <subfield code="9">1</subfield>
  </datafield>
  <datafield ind1="1" tag="650" ind2="4">
    <subfield code="a">SIDA</subfield>
    <subfield code="9">70</subfield>
  </datafield>
  <datafield tag="942" ind1=" " ind2=" ">
    <subfield code="2">z</subfield>
    <subfield code="c">01</subfield>
  </datafield>
</record>